@article{grissonnanche2021,
  author={Grissonnanche, Ga{\"e}l
  and Fang, Yawen
  and Legros, Ana{\"e}lle
  and Verret, Simon
  and Lalibert{\'e}, Francis
  and Collignon, Cl{\'e}ment
  and Zhou, Jianshi
  and Graf, David
  and Goddard, Paul A.
  and Taillefer, Louis
  and Ramshaw, B. J.},
  title={Linear-in temperature resistivity from an isotropic Planckian scattering rate},
  journal={Nature},
  year={2021},
  month={Jul},
  day={01},
  volume={595},
  number={7869},
  pages={667-672},
  issn={1476-4687},
  doi={10.1038/s41586-021-03697-8},
  url={https://doi.org/10.1038/s41586-021-03697-8}
}

@article{michon2019,
  author={Michon, B.
    and Girod, C.
    and Badoux, S.
    and Ka{\v{c}}mar{\v{c}}{\'i}k, J.
    and Ma, Q.
    and Dragomir, M.
    and Dabkowska, H. A.
    and Gaulin, B. D.
    and Zhou, J.-S.
    and Pyon, S.
    and Takayama, T.
    and Takagi, H.
    and Verret, S.
    and Doiron-Leyraud, N.
    and Marcenat, C.
    and Taillefer, L.
    and Klein, T.},
  title={Thermodynamic signatures of quantum criticality in cuprate superconductors},
  journal={Nature},
  year={2019},
  month={Mar},
  day={01},
  volume={567},
  number={7747},
  pages={218-222},
  issn={1476-4687},
  doi={10.1038/s41586-019-0932-x},
  url={https://doi.org/10.1038/s41586-019-0932-x}
}

@article{legros2022,
  title = {Evolution of the cyclotron mass with doping in ${\mathrm{La}}_{2\ensuremath{-}x}{\mathrm{Sr}}_{x}{\mathrm{CuO}}_{4}$},
  author = {Legros, A. and Post, K. W. and Chauhan, Prashant and Rickel, D. G. and He, Xi and Xu, Xiaotao and Shi, Xiaoyan and Bo\ifmmode \check{z}\else \v{z}\fi{}ovi\ifmmode \acute{c}\else \'{c}\fi{}, Ivan and Crooker, S. A. and Armitage, N. P.},
  journal = {Phys. Rev. B},
  volume = {106},
  issue = {19},
  pages = {195110},
  numpages = {9},
  year = {2022},
  month = {Nov},
  publisher = {American Physical Society},
  doi = {10.1103/PhysRevB.106.195110},
  url = {https://link.aps.org/doi/10.1103/PhysRevB.106.195110}
}

@article{post2021,
  title = {Observation of cyclotron resonance and measurement of the hole mass in optimally doped ${\mathrm{La}}_{2\ensuremath{-}x}{\mathrm{Sr}}_{x}{\mathrm{CuO}}_{4}$},
  author = {Post, K. W. and Legros, A. and Rickel, D. G. and Singleton, J. and McDonald, R. D. and He, Xi and Bo\ifmmode \check{z}\else \v{z}\fi{}ovi\ifmmode \acute{c}\else \'{c}\fi{}, I. and Xu, X. and Shi, X. and Armitage, N. P. and Crooker, S. A.},
  journal = {Phys. Rev. B},
  volume = {103},
  issue = {13},
  pages = {134515},
  numpages = {7},
  year = {2021},
  month = {Apr},
  publisher = {American Physical Society},
  doi = {10.1103/PhysRevB.103.134515},
  url = {https://link.aps.org/doi/10.1103/PhysRevB.103.134515}
}

@article{chambers1952,
  doi = {10.1088/0370-1298/65/6/114},
  url = {https://dx.doi.org/10.1088/0370-1298/65/6/114},
  year = {1952},
  month = {jun},
  publisher = {},
  volume = {65},
  number = {6},
  pages = {458},
  author = {R G Chambers},
  title = {The Kinetic Formulation of Conduction Problems},
  journal = {Proceedings of the Physical Society. Section A},
  abstract = {}
}

@article{fang2022,
  title = {Fermi Surface Transformation at the Pseudogap Critical Point of a Cuprate Superconductor},
  author = {Fang, Yawen and Grissonnanche, Gael and Legros, Anaelle and Verret, Simon and Laliberte, Francis and Collignon, Clement and Ataei, Amirreza and Dion, Maxime and Zhou, Jianshi and Graf, David and Lawler, Michael J. and Goddard, Paul A. and Taillefer, Louis and Ramshaw, B. J.},
  year = {2022},
  month = may,
  journal = {Nature Physics},
  volume = {18},
  number = {5},
  pages = {558--564},
  publisher = {Nature Publishing Group},
  issn = {1745-2473, 1745-2481},
  doi = {10.1038/s41567-022-01514-1},
  urldate = {2024-10-26},
  copyright = {2022 The Author(s), under exclusive licence to Springer Nature Limited},
  langid = {english},
  keywords = {Electronic properties and materials,Superconducting properties and materials},
}

@article{horio2018,
  title = {Three-Dimensional Fermi Surface of Overdoped La-Based Cuprates},
  author = {Horio, M. and Hauser, K. and Sassa, Y. and Mingazheva, Z. and Sutter, D. and Kramer, K. and Cook, A. and Nocerino, E. and Forslund, O. K. and Tjernberg, O. and Kobayashi, M. and Chikina, A. and Schr\"oter, N. B. M. and Krieger, J. A. and Schmitt, T. and Strocov, V. N. and Pyon, S. and Takayama, T. and Takagi, H. and Lipscombe, O. J. and Hayden, S. M. and Ishikado, M. and Eisaki, H. and Neupert, T. and M\aa{}nsson, M. and Matt, C. E. and Chang, J.},
  journal = {Phys. Rev. Lett.},
  volume = {121},
  issue = {7},
  pages = {077004},
  numpages = {6},
  year = {2018},
  month = {Aug},
  publisher = {American Physical Society},
  doi = {10.1103/PhysRevLett.121.077004},
  url = {https://link.aps.org/doi/10.1103/PhysRevLett.121.077004}
}

ï»¿@article{schilling1993,
author={Schilling, A.
and Cantoni, M.
and Guo, J. D.
and Ott, H. R.},
title={Superconductivity above 130 K in the Hg--Ba--Ca--Cu--O system},
journal={Nature},
year={1993},
month={May},
day={01},
volume={363},
number={6424},
pages={56-58},
issn={1476-4687},
doi={10.1038/363056a0},
url={https://doi.org/10.1038/363056a0}
}
